<record><leader>00000cas a2200000 a 4500</leader><controlfield tag="001">14205258</controlfield><controlfield tag="008">860911c19uu9999kyuwr ne      0    0eng d</controlfield><controlfield tag="009">5569</controlfield><datafield ind1=" " ind2=" " tag="010"><subfield code="a">sn 86069505 </subfield></datafield><datafield ind1=" " ind2=" " tag="040"><subfield code="a">KNP</subfield><subfield code="b">eng</subfield><subfield code="c">KNP</subfield><subfield code="d">OCL</subfield><subfield code="d">OCLCQ</subfield><subfield code="d">KYUBL</subfield><subfield code="d">OCLCQ</subfield><subfield code="d">OCLCO</subfield><subfield code="d">OCLCF</subfield></datafield><datafield ind1="1" ind2=" " tag="029"><subfield code="a">AU@</subfield><subfield code="b">000020427576</subfield></datafield><datafield ind1=" " ind2=" " tag="042"><subfield code="a">msc</subfield></datafield><datafield ind1=" " ind2=" " tag="043"><subfield code="a">n-us-ky</subfield></datafield><datafield ind1="0" ind2=" " tag="130"><subfield code="a">Cumberland County news (Burkesville, Ky. : 1930)</subfield></datafield><datafield ind1="1" ind2="4" tag="245"><subfield code="a">The Cumberland County news.</subfield></datafield><datafield ind1=" " ind2=" " tag="260"><subfield code="a">Burkesville, Ky. :</subfield><subfield code="b">Ira T. Shannon</subfield></datafield><datafield ind1=" " ind2=" " tag="300"><subfield code="a">v. :</subfield><subfield code="b">ill.</subfield></datafield><datafield ind1=" " ind2=" " tag="310"><subfield code="a">Weekly</subfield></datafield><datafield ind1=" " ind2=" " tag="588"><subfield code="a">Description based on: Vol. 8, no. 40 (Jan. 2, 1930).</subfield></datafield><datafield ind1=" " ind2="0" tag="651"><subfield code="a">Burkesville (Ky.)</subfield><subfield code="v">Newspapers.</subfield></datafield><datafield ind1=" " ind2="0" tag="651"><subfield code="a">Cumberland County (Ky.)</subfield><subfield code="v">Newspapers.</subfield></datafield><datafield ind1=" " ind2="7" tag="655"><subfield code="a">Newspapers.</subfield><subfield code="2">fast</subfield><subfield code="0">(OCoLC)fst01423814</subfield></datafield><datafield ind1=" " ind2="7" tag="651"><subfield code="a">Kentucky</subfield><subfield code="z">Burkesville.</subfield><subfield code="2">fast</subfield><subfield code="0">(OCoLC)fst01250956</subfield></datafield><datafield ind1=" " ind2="7" tag="651"><subfield code="a">Kentucky</subfield><subfield code="z">Cumberland County.</subfield><subfield code="2">fast</subfield><subfield code="0">(OCoLC)fst01207203</subfield></datafield><datafield ind1=" " ind2=" " tag="752"><subfield code="a">United States</subfield><subfield code="b">Kentucky</subfield><subfield code="c">Cumberland</subfield><subfield code="d">Burkesville.</subfield></datafield><datafield ind1="0" ind2="0" tag="780"><subfield code="t">Cumberland news (Burkesville, Ky.)</subfield><subfield code="w">(DLC)sn 86069506</subfield></datafield></record>